<?xml version="1.0" encoding="UTF-8"?><collection xmlns="http://www.loc.gov/MARC21/slim"><record><leader>00342nam--2200133-i-4500</leader><controlfield tag="001">000003604</controlfield><controlfield tag="002">20161230</controlfield><controlfield tag="005">20161230201025</controlfield><controlfield tag="008">060222s1000------------r-----000-0-eng-d</controlfield><datafield ind1=" " ind2=" " tag="100"><subfield code="a">Borden, Perry And Thynell, G</subfield></datafield><datafield ind1=" " ind2=" " tag="245"><subfield code="a">Principles and methods of telemetering</subfield></datafield><datafield ind1=" " ind2=" " tag="260"><subfield code="a">New York, Reinhold, 1948</subfield></datafield><datafield ind1=" " ind2=" " tag="490"><subfield code="a">Vii + 230 P</subfield></datafield><datafield ind1=" " ind2=" " tag="852"><subfield code="a">621.398</subfield></datafield></record></collection>